@article{mustermann20,
	author = {Mustermann, Max},
	title = {{Titel}},
	journal = {{Journal}},
	year = {2020},
	volume = {Ausgabe}
}

@book{doe12,
	author = {Doe, Jane},
	year = {2012},
	title = {{Titel}},
	subtitle = {{Untertitel}},
	address = {Ort},
	publisher = {{Verlag}}
}

@inproceedings{musterfrau99,
	author = {Musterfrau, Erika and Mustermann, Max},
	title = {{Titel}},
	booktitle = {{Buchtitel}},
	year = {1999}
}

@misc{dupont96,
	author = {Dupont, Jean},
	title = {{Titel}},
	year = {1996},
	url = {URL},
	urldate = {01.01.1900}
}